[gd_scene load_steps=7 format=2]

[ext_resource path="res://assets/backgrounds/dialog.png" type="Texture" id=1]
[ext_resource path="res://elements/dialog/Dialog.gd" type="Script" id=2]
[ext_resource path="res://fonts/Small.tres" type="DynamicFont" id=3]
[ext_resource path="res://elements/buttons/ButtonArrow.gd" type="Script" id=4]
[ext_resource path="res://assets/buttons/arrow_down.png" type="Texture" id=5]
[ext_resource path="res://elements/buttons/KeybindButton.tscn" type="PackedScene" id=6]

[node name="Dialog" type="Control"]
anchor_right = 1.0
anchor_bottom = 1.0
script = ExtResource( 2 )
__meta__ = {
"_edit_use_anchors_": false
}
text_speed = 150.0
max_message_length = 330

[node name="Tween" type="Tween" parent="."]

[node name="HBoxContainer" type="HBoxContainer" parent="."]
anchor_right = 1.0
anchor_bottom = 1.0
margin_bottom = -3.0
alignment = 1
__meta__ = {
"_edit_use_anchors_": false
}

[node name="VBoxContainer" type="VBoxContainer" parent="HBoxContainer"]
margin_left = 99.0
margin_right = 380.0
margin_bottom = 267.0
alignment = 2

[node name="Background" type="TextureRect" parent="HBoxContainer/VBoxContainer"]
margin_top = 204.0
margin_right = 281.0
margin_bottom = 267.0
texture = ExtResource( 1 )
stretch_mode = 3
__meta__ = {
"_edit_use_anchors_": false
}

[node name="AuthorLabel" type="Label" parent="HBoxContainer/VBoxContainer/Background"]
margin_left = 10.0
margin_top = -5.0
margin_right = 88.0
margin_bottom = 32.0
rect_scale = Vector2( 0.3, 0.3 )
custom_fonts/font = ExtResource( 3 )
text = "Author"
__meta__ = {
"_edit_use_anchors_": false
}

[node name="Text" type="Label" parent="HBoxContainer/VBoxContainer/Background"]
margin_left = 7.0
margin_top = 5.0
margin_right = 900.0
margin_bottom = 172.0
rect_scale = Vector2( 0.3, 0.3 )
custom_fonts/font = ExtResource( 3 )
text = "Hello World kdjaskld jasklasjd asdlkasjd klajdaskldald  akldajkld ajd kladlkasd  dajdadjakldjaskldjaslk dasjkld asjkld askld aj kldajd klasdkl asjdklasdlkas"
autowrap = true
__meta__ = {
"_edit_use_anchors_": false
}

[node name="Arrow2" type="Sprite" parent="HBoxContainer/VBoxContainer/Background"]
visible = false
position = Vector2( 275, 56 )
scale = Vector2( 0.2, 0.2 )
texture = ExtResource( 5 )
script = ExtResource( 4 )
speed = 1.0
minimum_fade = 0.5
maximum_fade = 1.0
fading = true

[node name="Arrow" type="Control" parent="HBoxContainer/VBoxContainer/Background"]
margin_right = 40.0
margin_bottom = 40.0
script = ExtResource( 4 )
__meta__ = {
"_edit_lock_": true,
"_edit_use_anchors_": false
}
speed = 1.0
minimum_fade = 0.5
maximum_fade = 1.0
fading = true

[node name="Button" parent="HBoxContainer/VBoxContainer/Background/Arrow" instance=ExtResource( 6 )]
margin_left = 265.0
margin_top = 46.0
margin_right = 277.0
margin_bottom = 58.0
action_name = "ui_accept"
