[gd_scene load_steps=7 format=2]

[ext_resource path="res://scenes/scene_switch/SceneSwitchAnimation.gd" type="Script" id=1]

[sub_resource type="StyleBoxFlat" id=3]
bg_color = Color( 0, 0, 0, 1 )
corner_radius_top_left = 250
corner_radius_top_right = 250
corner_radius_bottom_right = 250
corner_radius_bottom_left = 250

[sub_resource type="Animation" id=5]
resource_name = "Circle_In"
length = 0.5
tracks/0/type = "value"
tracks/0/path = NodePath("CanvasLayer/Circle:rect_scale")
tracks/0/interp = 1
tracks/0/loop_wrap = true
tracks/0/imported = false
tracks/0/enabled = true
tracks/0/keys = {
"times": PoolRealArray( 0, 0.5 ),
"transitions": PoolRealArray( 1, 1 ),
"update": 0,
"values": [ Vector2( 1.25, 1.25 ), Vector2( 0, 0 ) ]
}
tracks/1/type = "value"
tracks/1/path = NodePath("CanvasLayer/Circle:visible")
tracks/1/interp = 1
tracks/1/loop_wrap = true
tracks/1/imported = false
tracks/1/enabled = false
tracks/1/keys = {
"times": PoolRealArray( 0, 1 ),
"transitions": PoolRealArray( 1, 1 ),
"update": 1,
"values": [ true, false ]
}

[sub_resource type="Animation" id=4]
resource_name = "Circle_Out"
length = 0.5
tracks/0/type = "value"
tracks/0/path = NodePath("CanvasLayer/Circle:rect_scale")
tracks/0/interp = 1
tracks/0/loop_wrap = true
tracks/0/imported = false
tracks/0/enabled = true
tracks/0/keys = {
"times": PoolRealArray( 0, 0.5 ),
"transitions": PoolRealArray( 1, 1 ),
"update": 0,
"values": [ Vector2( 0, 0 ), Vector2( 1.25, 1.25 ) ]
}
tracks/1/type = "value"
tracks/1/path = NodePath("CanvasLayer/Circle:visible")
tracks/1/interp = 1
tracks/1/loop_wrap = true
tracks/1/imported = false
tracks/1/enabled = false
tracks/1/keys = {
"times": PoolRealArray( 0, 1 ),
"transitions": PoolRealArray( 1, 1 ),
"update": 1,
"values": [ true, false ]
}

[sub_resource type="Animation" id=1]
resource_name = "Fade_In"
length = 0.5
tracks/0/type = "value"
tracks/0/path = NodePath("CanvasLayer/SceneSwitchRect:modulate")
tracks/0/interp = 1
tracks/0/loop_wrap = true
tracks/0/imported = false
tracks/0/enabled = true
tracks/0/keys = {
"times": PoolRealArray( 0, 0.5 ),
"transitions": PoolRealArray( 1, 1 ),
"update": 0,
"values": [ Color( 0, 0, 0, 1 ), Color( 0, 0, 0, 0 ) ]
}
tracks/1/type = "value"
tracks/1/path = NodePath("CanvasLayer/SceneSwitchRect:visible")
tracks/1/interp = 1
tracks/1/loop_wrap = true
tracks/1/imported = false
tracks/1/enabled = false
tracks/1/keys = {
"times": PoolRealArray( 0, 0.5 ),
"transitions": PoolRealArray( 1, 1 ),
"update": 1,
"values": [ true, false ]
}

[sub_resource type="Animation" id=2]
resource_name = "Fade_Out"
length = 0.5
tracks/0/type = "value"
tracks/0/path = NodePath("CanvasLayer/SceneSwitchRect:modulate")
tracks/0/interp = 1
tracks/0/loop_wrap = true
tracks/0/imported = false
tracks/0/enabled = true
tracks/0/keys = {
"times": PoolRealArray( 0, 0.5 ),
"transitions": PoolRealArray( 1, 1 ),
"update": 0,
"values": [ Color( 0, 0, 0, 0 ), Color( 0, 0, 0, 1 ) ]
}
tracks/1/type = "value"
tracks/1/path = NodePath("CanvasLayer/SceneSwitchRect:visible")
tracks/1/interp = 1
tracks/1/loop_wrap = true
tracks/1/imported = false
tracks/1/enabled = false
tracks/1/keys = {
"times": PoolRealArray( 0, 0.5 ),
"transitions": PoolRealArray( 1, 1 ),
"update": 1,
"values": [ true, false ]
}

[node name="SceneSwitch" type="Node2D"]
z_index = 100
script = ExtResource( 1 )

[node name="CanvasLayer" type="CanvasLayer" parent="."]
layer = 100

[node name="Circle" type="Panel" parent="CanvasLayer"]
anchor_left = 0.5
anchor_top = 0.5
anchor_right = 0.5
anchor_bottom = 0.5
margin_left = -250.0
margin_top = -250.0
margin_right = 250.0
margin_bottom = 250.0
rect_scale = Vector2( 1.25, 1.25 )
rect_pivot_offset = Vector2( 250, 250 )
custom_styles/panel = SubResource( 3 )
__meta__ = {
"_edit_use_anchors_": false
}

[node name="SceneSwitchRect" type="ColorRect" parent="CanvasLayer"]
modulate = Color( 0, 0, 0, 1 )
anchor_right = 1.0
anchor_bottom = 1.0
__meta__ = {
"_edit_use_anchors_": false
}

[node name="AnimationPlayer" type="AnimationPlayer" parent="CanvasLayer"]
root_node = NodePath("../..")
anims/Circle_In = SubResource( 5 )
anims/Circle_Out = SubResource( 4 )
anims/Fade_In = SubResource( 1 )
anims/Fade_Out = SubResource( 2 )

[connection signal="animation_finished" from="CanvasLayer/AnimationPlayer" to="." method="_on_AnimationPlayer_animation_finished"]
[connection signal="animation_started" from="CanvasLayer/AnimationPlayer" to="." method="_on_AnimationPlayer_animation_started"]
